<record><leader>00000cas a22000007a 4500</leader><controlfield tag="001">8772990</controlfield><controlfield tag="008">820914d18621863couwr ne      0   a0eng  </controlfield><controlfield tag="009">466</controlfield><datafield ind1=" " ind2=" " tag="010"><subfield code="a">sn 82014229 </subfield></datafield><datafield ind1=" " ind2=" " tag="040"><subfield code="a">DLC</subfield><subfield code="b">eng</subfield><subfield code="c">DLC</subfield><subfield code="d">UNP</subfield><subfield code="d">DLC</subfield><subfield code="d">NJW</subfield><subfield code="d">CNQ</subfield></datafield><datafield ind1="1" ind2=" " tag="029"><subfield code="a">AU@</subfield><subfield code="b">000025814947</subfield></datafield><datafield ind1=" " ind2=" " tag="042"><subfield code="a">msc</subfield></datafield><datafield ind1="0" ind2="0" tag="050"><subfield code="a">Newspaper 7211-X</subfield></datafield><datafield ind1="0" ind2="4" tag="245"><subfield code="a">The Weekly commonwealth and Republican.</subfield></datafield><datafield ind1=" " ind2=" " tag="260"><subfield code="a">Denver City, Colo. Territory [Denver, Colo.] :</subfield><subfield code="b">Thomas Gibson &amp; Co.,</subfield><subfield code="c">1862-1863.</subfield></datafield><datafield ind1=" " ind2=" " tag="300"><subfield code="a">v.</subfield></datafield><datafield ind1=" " ind2=" " tag="310"><subfield code="a">Weekly</subfield></datafield><datafield ind1="0" ind2=" " tag="362"><subfield code="a">New ser., v. 1, no. 1 (July 10, 1862)-v. 4, no. 14 (Aug. 20, 1863).</subfield></datafield><datafield ind1=" " ind2=" " tag="515"><subfield code="a">Numbering included old and new series for July 10, 1862-June 11, 1863 issues; old ser., v. 3, no. 8 (July 10, 1862)-o.s., v. 3, no. 53 (June 11, 1863) = new ser., v. 1, no. 1 (July 10, 1862)-n.s., v. 1, no. 49 (June 11, 1863).</subfield></datafield><datafield ind1=" " ind2=" " tag="530"><subfield code="a">Available on microfilm from the Colorado Historical Society.</subfield></datafield><datafield ind1=" " ind2=" " tag="752"><subfield code="a">United States</subfield><subfield code="b">Colorado</subfield><subfield code="c">Denver</subfield><subfield code="d">Denver.</subfield></datafield><datafield ind1=" " ind2=" " tag="752"><subfield code="a">United States</subfield><subfield code="b">Colorado</subfield><subfield code="c">Arapahoe</subfield><subfield code="d">Denver.</subfield></datafield><datafield ind1="0" ind2=" " tag="775"><subfield code="t">Daily commonwealth and Republican</subfield></datafield><datafield ind1="0" ind2=" " tag="775"><subfield code="t">Tri-weekly commonwealth &amp; Republican</subfield><subfield code="w">(DLC)sn 82014231</subfield></datafield><datafield ind1="0" ind2="0" tag="780"><subfield code="t">Weekly Colorado Republican and Rocky Mountain herald</subfield><subfield code="w">(DLC)sn 82014230</subfield><subfield code="w">(OCoLC)8773037</subfield></datafield><datafield ind1="0" ind2="0" tag="785"><subfield code="t">Weekly commonwealth (Denver, Colo.)</subfield><subfield code="w">(DLC)sn 82016464</subfield><subfield code="w">(OCoLC)9346615</subfield></datafield></record>